<?xml version="1.0" encoding="UTF-8"?><collection xmlns="http://www.loc.gov/MARC21/slim"><record><leader>00527nam--2200181-i-4500</leader><controlfield tag="001">000037631</controlfield><controlfield tag="002">20161230</controlfield><controlfield tag="005">20161230201041</controlfield><controlfield tag="008">060222s1000------------r-----000-0-eng-d</controlfield><datafield ind1=" " ind2=" " tag="040"><subfield code="a">IFIN-HH</subfield></datafield><datafield ind1=" " ind2=" " tag="080"><subfield code="a">539.3</subfield></datafield><datafield ind1="1" ind2=" " tag="100"><subfield code="a">Sneddon, I.N</subfield></datafield><datafield ind1="1" ind2="0" tag="245"><subfield code="a">Progress in solid mechanics</subfield><subfield code="b">Vol. iv contributors p.m. naghdi, h. ziegler</subfield><subfield code="c">I.n. sneddon, r. hill (eds.)</subfield></datafield><datafield ind1=" " ind2=" " tag="260"><subfield code="a">Amsterdam</subfield><subfield code="b">North-holland Publishing Company</subfield><subfield code="c">1963</subfield></datafield><datafield ind1=" " ind2=" " tag="300"><subfield code="a">VIII+198P</subfield></datafield><datafield ind1="1" ind2=" " tag="700"><subfield code="a">Hill, R</subfield></datafield><datafield ind1=" " ind2=" " tag="852"><subfield code="a">16085</subfield><subfield code="c">539.3</subfield></datafield><datafield ind1=" " ind2=" " tag="CAT"><subfield code="a">Sys</subfield><subfield code="c">20121220</subfield><subfield code="h">151350</subfield></datafield></record></collection>